@misc{gao2024retrievalaugmented,
  title         = {Retrieval-Augmented Generation for Large Language Models: A Survey},
  author        = {Yunfan Gao and Yun Xiong and Xinyu Gao and Kangxiang Jia and Jinliu Pan and Yuxi Bi and Yi Dai and Jiawei Sun and Meng Wang and Haofen Wang},
  year          = {2024},
  eprint        = {2312.10997},
  archiveprefix = {arXiv},
  primaryclass  = {cs.CL}
}

@misc{zhang2023sirens,
  title         = {Siren's Song in the AI Ocean: A Survey on Hallucination in Large Language Models},
  author        = {Yue Zhang and Yafu Li and Leyang Cui and Deng Cai and Lemao Liu and Tingchen Fu and Xinting Huang and Enbo Zhao and Yu Zhang and Yulong Chen and Longyue Wang and Anh Tuan Luu and Wei Bi and Freda Shi and Shuming Shi},
  year          = {2023},
  eprint        = {2309.01219},
  archiveprefix = {arXiv},
  primaryclass  = {cs.CL}
}

@online{metaairag,
  title  = {Retrieval Augmented Generation: Streamlining the creation of intelligent natural language processing models},
  author = {Sebastian Riedel and Douwe Kiela and Patrick Lewis and Aleksandra Piktus},
  year   = {2020},
  url    = {https://ai.meta.com/blog/retrieval-augmented-generation-streamlining-the-creation-of-intelligent-natural-language-processing-models/}
}